<?xml version="1.0" encoding="UTF-8"?><collection xmlns="http://www.loc.gov/MARC21/slim"><record><leader>00538nam--2200193-i-4500</leader><controlfield tag="001">000043030</controlfield><controlfield tag="002">20161230</controlfield><controlfield tag="005">20161230201043</controlfield><controlfield tag="008">060222s1000------------r-----000-0-ger-d</controlfield><datafield ind1=" " ind2=" " tag="040"><subfield code="a">IFIN-HH</subfield></datafield><datafield ind1=" " ind2=" " tag="041"><subfield code="a">ger</subfield></datafield><datafield ind1=" " ind2=" " tag="080"><subfield code="a">539.16</subfield></datafield><datafield ind1="1" ind2=" " tag="100"><subfield code="a">Stolz,Werner</subfield></datafield><datafield ind1="1" ind2="0" tag="245"><subfield code="a">Radioaktivitat</subfield><subfield code="b">Teil i:grundlagen</subfield><subfield code="c">Werner stolz</subfield></datafield><datafield ind1=" " ind2=" " tag="260"><subfield code="a">Leipzig</subfield><subfield code="b">Bsb B.G.Teubner Verlagsgesellschaft</subfield><subfield code="c">1976</subfield></datafield><datafield ind1=" " ind2=" " tag="300"><subfield code="a">162 P</subfield></datafield><datafield ind1=" " ind2=" " tag="490"><subfield code="a">Mathematisch-naturwisssenschaftliche Bibliotek</subfield><subfield code="v">Band 61</subfield></datafield><datafield ind1=" " ind2=" " tag="852"><subfield code="a">43851</subfield><subfield code="c">539.16</subfield></datafield><datafield ind1=" " ind2=" " tag="CAT"><subfield code="a">Sys</subfield><subfield code="c">20120515</subfield><subfield code="h">153138</subfield></datafield></record></collection>